<?xml version="1.0" encoding="UTF-8"?><collection xmlns="http://www.loc.gov/MARC21/slim"><record><leader>00536nam--2200181-i-4500</leader><controlfield tag="001">000001520</controlfield><controlfield tag="002">20161230</controlfield><controlfield tag="005">20161230201024</controlfield><controlfield tag="008">060222s1000------------r-----000-0-rum-d</controlfield><datafield ind1=" " ind2=" " tag="040"><subfield code="a">IFIN-HH</subfield></datafield><datafield ind1=" " ind2=" " tag="041"><subfield code="a">rum</subfield></datafield><datafield ind1=" " ind2=" " tag="080"><subfield code="a">537.222.22:621.3.049.774:621.382</subfield></datafield><datafield ind1="1" ind2=" " tag="100"><subfield code="a">Dolocan, Voicu</subfield></datafield><datafield ind1="1" ind2="0" tag="245"><subfield code="a">Fizica jonctiunilor cu semiconductoare</subfield><subfield code="b">Prefata de acad.prof.dr.doc. th.v. ionescu</subfield><subfield code="c">Voicu dolocan</subfield></datafield><datafield ind1=" " ind2=" " tag="260"><subfield code="a">Bucuresti</subfield><subfield code="b">Editura Academiei Rsr</subfield><subfield code="c">1982</subfield></datafield><datafield ind1=" " ind2=" " tag="300"><subfield code="a">320 P</subfield></datafield><datafield ind1=" " ind2=" " tag="852"><subfield code="a">70513</subfield><subfield code="c">537.311.33</subfield></datafield><datafield ind1=" " ind2=" " tag="CAT"><subfield code="a">Sys</subfield><subfield code="c">20110726</subfield><subfield code="h">162742</subfield></datafield></record></collection>